<collection xmlns="http://www.loc.gov/MARC21/slim">
<record>
  <leader>01780nam0a2200325 i 450 </leader>
  <controlfield tag="001">IT\ICCU\CNCE\004380</controlfield>
  <controlfield tag="005">19991025000000.0</controlfield>
  <datafield tag="012" ind1=" " ind2=" ">
    <subfield code="a">riam odt- s.li raes (3) 1556 (A)</subfield>
    <subfield code="2">fei</subfield>
  </datafield>
  <datafield tag="100" ind1=" " ind2=" ">
    <subfield code="a">19970101d1556        0itac0103    ba</subfield>
  </datafield>
  <datafield tag="101" ind1=" " ind2=" ">
    <subfield code="a">LAT</subfield>
  </datafield>
  <datafield tag="102" ind1=" " ind2=" ">
    <subfield code="a">IT</subfield>
  </datafield>
  <datafield tag="200" ind1="1" ind2=" ">
    <subfield code="a">In authenticis commentaria ... Necnon additionibus Benedicti de Vadis, &amp; Alexandri Losaei</subfield>
  </datafield>
  <datafield tag="210" ind1=" " ind2=" ">
    <subfield code="a">Venetiis</subfield>
    <subfield code="c">\al segno della Corona!</subfield>
    <subfield code="d">1556</subfield>
  </datafield>
  <datafield tag="215" ind1=" " ind2=" ">
    <subfield code="a">66 c.</subfield>
    <subfield code="d">fol</subfield>
  </datafield>
  <datafield tag="300" ind1=" " ind2=" ">
    <subfield code="a">Sul front. insegna della Corona. I nomi dei tipografi: eredi di Lucantonio Giunta il vecchio, Gabriele Giolito De Ferrari, erdi di Ottaviano Scoto il vecchio e Federico Torresano si ricavano dalle marche iscritte nella cornice</subfield>
  </datafield>
  <datafield tag="620" ind1=" " ind2=" ">
    <subfield code="a">IT</subfield>
    <subfield code="d">Venezia</subfield>
  </datafield>
  <datafield tag="700" ind1=" " ind2="0">
    <subfield code="a">Bartolo</subfield>
    <subfield code="c"> : da#Sassoferrato</subfield>
    <subfield code="3">IT\ICCU\CNCA\001419</subfield>
  </datafield>
  <datafield tag="702" ind1=" " ind2="1">
    <subfield code="a">Vadi,</subfield>
    <subfield code="b">Benedetto</subfield>
    <subfield code="3">IT\ICCU\CNCA\000008</subfield>
  </datafield>
  <datafield tag="702" ind1=" " ind2="1">
    <subfield code="a">Loseo,</subfield>
    <subfield code="b">Alessandro</subfield>
    <subfield code="3">IT\ICCU\CNCA\001039</subfield>
  </datafield>
  <datafield tag="712" ind1="0" ind2="2">
    <subfield code="a">℗al segno della ℗Corona</subfield>
    <subfield code="3">IT\ICCU\CNCT\001579</subfield>
    <subfield code="4">650</subfield>
  </datafield>
  <datafield tag="712" ind1="0" ind2="0">
    <subfield code="a">Giunta, Lucantonio &lt;1.&gt; - eredi &amp; Giolito De Ferrari, Gabriele &amp; Scoto, Ottaviano &lt;1.&gt; - eredi &amp; Torresano, Federico</subfield>
    <subfield code="3">IT\ICCU\CNCT\002385</subfield>
    <subfield code="4">650</subfield>
  </datafield>
  <datafield tag="790" ind1=" " ind2="0">
    <subfield code="a">Bartolus</subfield>
    <subfield code="c"> : de#Saxoferrato</subfield>
    <subfield code="3">IT\ICCU\CNCA\012573</subfield>
    <subfield code="z">Bartolo : da#Sassoferrato</subfield>
  </datafield>
  <datafield tag="790" ind1=" " ind2="1">
    <subfield code="a">Alfani,</subfield>
    <subfield code="b">Bartholus</subfield>
    <subfield code="3">IT\ICCU\CNCA\020724</subfield>
    <subfield code="z">Bartolo : da#Sassoferrato</subfield>
  </datafield>
  <datafield tag="790" ind1=" " ind2="1">
    <subfield code="a">Vadis,</subfield>
    <subfield code="b">Benedictus : de</subfield>
    <subfield code="3">IT\ICCU\CNCA\022667</subfield>
    <subfield code="z">Vadi, Benedetto</subfield>
  </datafield>
  <datafield tag="790" ind1=" " ind2="1">
    <subfield code="a">Loseus,</subfield>
    <subfield code="b">Alexander</subfield>
    <subfield code="3">IT\ICCU\CNCA\020461</subfield>
    <subfield code="z">Loseo, Alessandro</subfield>
  </datafield>
  <datafield tag="790" ind1=" " ind2="1">
    <subfield code="a">Losaeus,</subfield>
    <subfield code="b">Alexander</subfield>
    <subfield code="3">IT\ICCU\CNCA\020462</subfield>
    <subfield code="z">Loseo, Alessandro</subfield>
  </datafield>
  <datafield tag="791" ind1="0" ind2="2">
    <subfield code="a">Societ ̉della Corona</subfield>
    <subfield code="3">IT\ICCU\CNCT\003156</subfield>
    <subfield code="z">℗al segno della ℗Corona</subfield>
  </datafield>
  <datafield tag="801" ind1=" " ind2="3">
    <subfield code="a">IT</subfield>
    <subfield code="b">ICCU</subfield>
    <subfield code="c">20201113</subfield>
  </datafield>
  <datafield tag="899" ind1=" " ind2=" ">
    <subfield code="a">Biblioteca provinciale Angelo Camillo De Meis. Chieti</subfield>
    <subfield code="1">CH0020</subfield>
    <subfield code="2">ABR ME</subfield>
  </datafield>
  <datafield tag="899" ind1=" " ind2=" ">
    <subfield code="a">Biblioteca del Convento francescano. Dongo</subfield>
    <subfield code="1">CO0075</subfield>
    <subfield code="2">ZCO 04</subfield>
  </datafield>
</record>
</collection>
